 @misc{wikipedia, title={Normal distribution},
    author={wikipedia},
    howpublished = "\url{https://en.wikipedia.org/wiki/Normal_distribution}",
    journal={wikipedia}
} 
